@article{@unpublished{ID,
	author = {author},
	title = {title},
	date = {date},
	OPTsubtitle = {subtitle},
	OPTtitleaddon = {titleaddon},
	OPTlanguage = {language},
	OPThowpublished = {howpublished},
	OPTnote = {note},
	OPTlocation = {location},
	OPTisbn = {isbn},
	OPTdate = {date},
	OPTmonth = {month},
	OPTyear = {year},
	OPTaddendum = {addendum},
	OPTpubstate = {pubstate},
	OPTurl = {url},
	OPTurldate = {urldate},
}
