@ARTICLE{medina2021comch,
	author = {Anibal M. {Medina-Mardones}},
	title = {{A computer algebra system for the study of commutativity up to coherent homotopies}},
	volume = {14},
	journal = {Advanced Studies: Euro-Tbilisi Mathematical Journal},
	number = {4},
	publisher = {Tbilisi Centre for Mathematical Sciences},
	pages = {147 -- 157},
	keywords = {cohomology operations, computer algebra system, cubical set, cup product, Homotopical algebra, operads, Python, Simplicial set},
	year = {2021},
	url = {https://projecteuclid.org/journals/advanced-studies-euro-tbilisi-mathematical-journal/volume-14/issue-4/A-computer-algebra-system-for-the-study-of-commutativity-up/10.3251/asetmj/1932200819.full}
}

@ARTICLE{medina2021prop2,
	AUTHOR = {{Medina-Mardones}, Anibal M.},
	TITLE = {A finitely presented {$E_\infty$}-prop {II}: cellular context},
	JOURNAL = {High. Struct.},
	FJOURNAL = {Higher Structures},
	VOLUME = {5},
	YEAR = {2021},
	NUMBER = {1},
	PAGES = {69--186},
	url = {https://higher-structures.math.cas.cz/api/files/issues/Vol5Iss1/Medina-Mardones-2}
}

@ARTICLE{medina2021may_st,
	author = {Ralph M. Kaufmann and Anibal M. {Medina-Mardones}},
	doi = {doi:10.1515/forum-2020-0296},
	url = {https://doi.org/10.1515/forum-2020-0296},
	title = {Cochain level Mayâ€“Steenrod operations},
	JOURNAL = {Forum Math.},
	FJOURNAL = {Forum Mathematicum},
	year = {2021},
}

@ARTICLE{medina2021adem,
	author={Brumfiel, Greg and {Medina-Mardones}, Anibal and Morgan, John},
	title={A cochain level proof of Adem relations in the mod 2 Steenrod algebra},
	JOURNAL = {J. Homotopy Relat. Struct.},
	FJOURNAL = {Journal of Homotopy and Related Structures},
	year={2021},
	day={19},
	issn={1512-2891},
	doi={10.1007/s40062-021-00287-3},
	url={https://doi.org/10.1007/s40062-021-00287-3}
}

@ARTICLE{medina2021hyperharmonic,
	doi = {10.1088/2632-072x/abf231},
	url = {https://doi.org/10.1088/2632-072x/abf231},
	year = 2021,
	publisher = {{IOP} Publishing},
	volume = {2},
	number = {3},
	pages = {035009},
	author = {Anibal M. {Medina-Mardones} and Fernando E Rosas and Sebasti{\'{a}}n E Rodr{\'{i}}guez and Rodrigo Cofr{\'{e}}},
	title = {Hyperharmonic analysis for the study of high-order information-theoretic signals},
	journal = {Journal of Physics: Complexity},
}

@article{medina2021giotto,
	author = {Guillaume Tauzin and Umberto Lupo and Lewis Tunstall and Julian Burella P\'{e}rez and Matteo Caorsi and Anibal M. Medina-Mardones and Alberto Dassatti and Kathryn Hess},
	title = {giotto-tda: A Topological Data Analysis Toolkit for Machine Learning and Data Exploration},
	journal = {Journal of Machine Learning Research},
	year = {2021},
	volume = {22},
	number = {39},
	pages = {1-6},
	url = {http://jmlr.org/papers/v22/20-325.html}
}

@ARTICLE{medina2020prop1,
	AUTHOR = {{Medina-Mardones}, Anibal M.},
	TITLE = {A finitely presented {$E_\infty$}-prop {I}: algebraic context},
	JOURNAL = {High. Struct.},
	FJOURNAL = {Higher Structures},
	VOLUME = {4},
	YEAR = {2020},
	NUMBER = {2},
	PAGES = {1--21},
	MRCLASS = {55P48 (18M85 18N50)},
	MRNUMBER = {4133162},
	url = {https://journals.mq.edu.au/api/files/issues/Vol4Iss2/Medina-Mardones}
}

@ARTICLE{medina2020globular,
	AUTHOR = {{Medina-Mardones}, Anibal M.},
	TITLE = {An algebraic representation of globular sets},
	JOURNAL = {Homology Homotopy Appl.},
	FJOURNAL = {Homology, Homotopy and Applications},
	VOLUME = {22},
	YEAR = {2020},
	NUMBER = {2},
	PAGES = {135--150},
	ISSN = {1532-0073},
	MRCLASS = {18N99 (18F99 55S05)},
	MRNUMBER = {4093174},
	DOI = {10.4310/hha.2020.v22.n2.a8},
	URL = {https://doi.org/10.4310/hha.2020.v22.n2.a8},
}

@ARTICLE{medina2020cartan,
	AUTHOR = {{Medina-Mardones}, Anibal M.},
	TITLE = {An effective proof of the {C}artan formula: the even prime},
	JOURNAL = {J. Pure Appl. Algebra},
	FJOURNAL = {Journal of Pure and Applied Algebra},
	VOLUME = {224},
	YEAR = {2020},
	NUMBER = {12},
	PAGES = {106444, 18},
	ISSN = {0022-4049},
	MRCLASS = {55S10 (55S05 55S12)},
	MRNUMBER = {4102178},
	DOI = {10.1016/j.jpaa.2020.106444},
	URL = {https://doi.org/10.1016/j.jpaa.2020.106444},
}

@ARTICLE{medina2021fuct_top,
	author = {{Bauer}, Ulrich and {Medina-Mardones}, Anibal M. and {Schmahl}, Maximilian},
	title = "{Persistence in functional topology and a correction to a theorem of Morse}",
	journal = {arXiv e-prints},
	year = 2021,
	archivePrefix = {arXiv},
	eprint = {2107.14247},
	note = {Submitted}
}

@ARTICLE{medina2021cobar,
	author = {{Medina-Mardones}, Anibal M. and {Rivera}, Manuel},
	title = "{The cobar construction as an $E_{\infty}$-bialgebra model of the based loop space}",
	journal = {arXiv e-prints},
	year = 2021,
	archivePrefix = {arXiv},
	eprint = {2108.02790},
	note = {Submitted}
}

@ARTICLE{medina2021flowing,
	author = {{Friedman}, Greg and {Medina-Mardones}, Anibal M. and {Sinha}, Dev},
	title = "{Flowing from intersection product to cup product}",
	journal = {arXiv e-prints},
	year = 2021,
	archivePrefix = {arXiv},
	eprint = {2106.05986},
	note = {Submitted}
}

@ARTICLE{medina2021cubical,
	author = {{Kaufmann}, Ralph M. and {Medina-Mardones}, Anibal M.},
	title = "{A combinatorial ${E}_\infty$-algebra structure on cubical cochains}",
	journal = {arXiv e-prints},
	year = 2021,
	archivePrefix = {arXiv},
	eprint = {2107.00669},
	note = {Submitted}
}

@ARTICLE{medina2021fast_sq,
	author = {{Medina-Mardones}, Anibal M.},
	title = "{New formulas for cup-$i$ products and fast computation of Steenrod squares}",
	journal = {arXiv e-prints},
	year = 2021,
	archivePrefix = {arXiv},
	eprint = {2105.08025},
	note = {Submitted}
}

@ARTICLE{medina2021per_st,
	author = {Lupo, Umberto and {Medina-Mardones}, Anibal M. and Tauzin, Guillaume},
	title = {Persistence Steenrod modules},
	journal = {arXiv e-prints},
	year = 2021,
	archivePrefix = {arXiv},
	eprint = {1812.05031},
	note = {Submitted}
}

@ARTICLE{medina2021dennis,
	author = {{Medina-Mardones}, Anibal M.},
	title = {The diagonal of cellular spaces and effective algebro-homotopical constructions},
	journal = {arXiv e-prints},
	year = 2021,
	archivePrefix = {arXiv},
	eprint = {2111.06164},
	note = {Submitted}
}

@ARTICLE{medina2022axiomatic,
	author = {{Medina-Mardones}, Anibal M.},
	title = "{An axiomatic characterization of steenrod's cup-$i$ products}",
	journal = {arXiv e-prints},
	year = 2022,
	archivePrefix = {arXiv},
	eprint = {1810.06505},
	note = {Submitted},
}

@unpublished{medina2022foundations,
	author = {Friedman, Greg and {Medina-Mardones}, Anibal M. and Sinha, Dev},
	title = {Co-orientations, pull-back products, and the foundations of geometric cohomology},
	year = {2022},
	url = {https://www.medina-mardones.com/},
	note = {In preparation},
}

@unpublished{medina2022multisimplicial,
	author = {{Medina-Mardones}, Anibal M. and Pizzi, Andrea and Salvatore, Paolo},
	title = {On the multisimplicial cup product},
	year = {2022},
	url = {https://www.medina-mardones.com/},
	note = {In preparation},
}

@unpublished{medina2022fib_poly,
	author = {{Laplante-Anfossi}, Guillaume and {Medina-Mardones}, Anibal M. and Vallette, Bruno},
	title = {Fiber polytopes, higher categories and the Steenrod construction},
	note = {In preparation},
	year = {2022},
	url = {www.medina-mardones.com}
}

@thesis{medina2015thesis,
	author = {{Medina-Mardones}, Anibal M.},
	title = {${E}_\infty$-comodules and topological manifolds},
	institution = {Stony Brook University},
	year = {2015},
	url = {https://www.medina-mardones.com/}
}
