%%% Group cohohmology and representation

@article{nakaoka1961symmetric,
	AUTHOR = {Nakaoka, Minoru},
	TITLE = {Homology of the infinite symmetric group},
	JOURNAL = {Ann. of Math. (2)},
	FJOURNAL = {Annals of Mathematics. Second Series},
	VOLUME = {73},
	YEAR = {1961},
	PAGES = {229--257},
	ISSN = {0003-486X},
	MRCLASS = {55.30},
	MRNUMBER = {131874},
	MRREVIEWER = {A. Dold},
	DOI = {10.2307/1970333},
	URL = {https://doi.org/10.2307/1970333},
}

@book{adem2004milgram,
	AUTHOR = {Adem, Alejandro and Milgram, R. James},
	TITLE = {Cohomology of finite groups},
	SERIES = {Grundlehren der Mathematischen Wissenschaften [Fundamental
	Principles of Mathematical Sciences]},
	VOLUME = {309},
	EDITION = {Second},
	PUBLISHER = {Springer-Verlag, Berlin},
	YEAR = {2004},
	PAGES = {viii+324},
	ISBN = {3-540-20283-8},
	MRCLASS = {20J06 (18G99 55R35 55R40)},
	MRNUMBER = {2035696},
	DOI = {10.1007/978-3-662-06280-7},
	URL = {https://doi.org/10.1007/978-3-662-06280-7},
}


%%% Operads, props and E-infty structures

@book {boardman1973homotopy,
	AUTHOR = {Boardman, J. M. and Vogt, R. M.},
	TITLE = {Homotopy invariant algebraic structures on topological spaces},
	SERIES = {Lecture Notes in Mathematics, Vol. 347},
	PUBLISHER = {Springer-Verlag, Berlin-New York},
	YEAR = {1973},
	PAGES = {x+257},
	MRCLASS = {55D35},
	MRNUMBER = {0420609},
	MRREVIEWER = {J. Stasheff},
	url = {https://www.springer.com/gp/book/9783540064794}
}

@book {may1972geometry,
	AUTHOR = {May, J. P.},
	TITLE = {The geometry of iterated loop spaces},
	SERIES = {Lecture Notes in Mathematics, Vol. 271},
	PUBLISHER = {Springer-Verlag, Berlin-New York},
	YEAR = {1972},
	PAGES = {viii+175},
	MRCLASS = {55D35},
	MRNUMBER = {0420610},
	MRREVIEWER = {J. Stasheff},
	url = {https://doi.org/10.1007/BFb0067491}
}

@article {mandell2001padic,
	AUTHOR = {Mandell, Michael A.},
	TITLE = {{$E_\infty$} algebras and {$p$}-adic homotopy theory},
	JOURNAL = {Topology},
	FJOURNAL = {Topology. An International Journal of Mathematics},
	VOLUME = {40},
	YEAR = {2001},
	NUMBER = {1},
	PAGES = {43--94},
	ISSN = {0040-9383},
	MRCLASS = {55P15 (55P60)},
	MRNUMBER = {1791268},
	MRREVIEWER = {Paul G. Goerss},
	DOI = {10.1016/S0040-9383(99)00053-1},
	URL = {https://doi.org/10.1016/S0040-9383(99)00053-1},
}

@article {mcclure2003multivariable,
	AUTHOR = {McClure, James E. and Smith, Jeffrey H.},
	TITLE = {Multivariable cochain operations and little {$n$}-cubes},
	JOURNAL = {J. Amer. Math. Soc.},
	FJOURNAL = {Journal of the American Mathematical Society},
	VOLUME = {16},
	YEAR = {2003},
	NUMBER = {3},
	PAGES = {681--704},
	ISSN = {0894-0347},
	MRCLASS = {55P48 (18D50)},
	MRNUMBER = {1969208},
	MRREVIEWER = {Benoit Fresse},
	DOI = {10.1090/S0894-0347-03-00419-3},
	URL = {https://doi.org/10.1090/S0894-0347-03-00419-3},
}

@article {berger2004combinatorial,
	AUTHOR = {Berger, Clemens and Fresse, Benoit},
	TITLE = {Combinatorial operad actions on cochains},
	JOURNAL = {Math. Proc. Cambridge Philos. Soc.},
	FJOURNAL = {Mathematical Proceedings of the Cambridge Philosophical
	Society},
	VOLUME = {137},
	YEAR = {2004},
	NUMBER = {1},
	PAGES = {135--174},
	ISSN = {0305-0041},
	MRCLASS = {18D50 (16E45 55P48)},
	MRNUMBER = {2075046},
	MRREVIEWER = {David Chataur},
	DOI = {10.1017/S0305004103007138},
	URL = {https://doi.org/10.1017/S0305004103007138},
}

@article{chataur2005adem-cartan,
	AUTHOR = {Chataur, David and Livernet, Muriel},
	TITLE = {Adem-{C}artan operads},
	JOURNAL = {Comm. Algebra},
	FJOURNAL = {Communications in Algebra},
	VOLUME = {33},
	YEAR = {2005},
	NUMBER = {11},
	PAGES = {4337--4360},
	ISSN = {0092-7872},
	MRCLASS = {55S10 (18D50 55P48)},
	MRNUMBER = {2184004},
	MRREVIEWER = {Vincent Giambalvo},
	DOI = {10.1080/00927870500243205},
	URL = {https://doi.org/10.1080/00927870500243205},
}

@incollection {markl2008props,
	AUTHOR = {Markl, Martin},
	TITLE = {Operads and {PROP}s},
	BOOKTITLE = {Handbook of algebra. {V}ol. 5},
	SERIES = {Handb. Algebr.},
	VOLUME = {5},
	PAGES = {87--140},
	PUBLISHER = {Elsevier/North-Holland, Amsterdam},
	YEAR = {2008},
	MRCLASS = {18D50},
	MRNUMBER = {2523450},
	DOI = {10.1016/S1570-7954(07)05002-4},
	URL = {https://doi.org/10.1016/S1570-7954(07)05002-4},
}

@article {fresse2010props,
	AUTHOR = {Fresse, Benoit},
	TITLE = {Props in model categories and homotopy invariance of
	structures},
	JOURNAL = {Georgian Math. J.},
	FJOURNAL = {Georgian Mathematical Journal},
	VOLUME = {17},
	YEAR = {2010},
	NUMBER = {1},
	PAGES = {79--160},
	ISSN = {1072-947X},
	MRCLASS = {18D50 (16E45 18G55 55P10)},
	MRNUMBER = {2640648},
	MRREVIEWER = {Bruno Vallette},
	url = {https://math.univ-lille1.fr/~fresse/PropHomotopy.pdf}
}

@book {loday2012operads,
	AUTHOR = {Loday, Jean-Louis and Vallette, Bruno},
	TITLE = {Algebraic operads},
	SERIES = {Grundlehren der Mathematischen Wissenschaften [Fundamental
	Principles of Mathematical Sciences]},
	VOLUME = {346},
	PUBLISHER = {Springer, Heidelberg},
	YEAR = {2012},
	PAGES = {xxiv+634},
	ISBN = {978-3-642-30361-6},
	MRCLASS = {18D50 (16E99)},
	MRNUMBER = {2954392},
	MRREVIEWER = {Andrey Yu. Lazarev},
	DOI = {10.1007/978-3-642-30362-3},
	URL = {https://doi.org/10.1007/978-3-642-30362-3},
}


%%% Steenrod operations

@article {steenrod1947products,
	AUTHOR = {Steenrod, N. E.},
	TITLE = {Products of cocycles and extensions of mappings},
	JOURNAL = {Ann. of Math. (2)},
	FJOURNAL = {Annals of Mathematics. Second Series},
	VOLUME = {48},
	YEAR = {1947},
	PAGES = {290--320},
	ISSN = {0003-486X},
	MRCLASS = {56.0X},
	MRNUMBER = {22071},
	MRREVIEWER = {B. Eckmann},
	DOI = {10.2307/1969172},
	URL = {https://doi.org/10.2307/1969172},
}

@article {adem1952iteration,
	AUTHOR = {Adem, Jos\'{e}},
	TITLE = {The iteration of the {S}teenrod squares in algebraic topology},
	JOURNAL = {Proc. Nat. Acad. Sci. U.S.A.},
	FJOURNAL = {Proceedings of the National Academy of Sciences of the United
	States of America},
	VOLUME = {38},
	YEAR = {1952},
	PAGES = {720--726},
	ISSN = {0027-8424},
	MRCLASS = {56.0X},
	MRNUMBER = {50278},
	MRREVIEWER = {W. S. Massey},
	DOI = {10.1073/pnas.38.8.720},
	URL = {https://doi.org/10.1073/pnas.38.8.720},
}

@article {steenrod1952reduced,
	AUTHOR = {Steenrod, N. E.},
	TITLE = {Reduced powers of cohomology classes},
	JOURNAL = {Ann. of Math. (2)},
	FJOURNAL = {Annals of Mathematics. Second Series},
	VOLUME = {56},
	YEAR = {1952},
	PAGES = {47--67},
	ISSN = {0003-486X},
	MRCLASS = {56.0X},
	MRNUMBER = {48026},
	MRREVIEWER = {H. Cartan},
	DOI = {10.2307/1969766},
	URL = {https://doi.org/10.2307/1969766},
}

@article {steenrod1953cyclic,
	AUTHOR = {Steenrod, N. E.},
	TITLE = {Cyclic reduced powers of cohomology classes},
	JOURNAL = {Proc. Nat. Acad. Sci. U.S.A.},
	FJOURNAL = {Proceedings of the National Academy of Sciences of the United
	States of America},
	VOLUME = {39},
	YEAR = {1953},
	PAGES = {217--223},
	ISSN = {0027-8424},
	MRCLASS = {56.0X},
	MRNUMBER = {54965},
	MRREVIEWER = {H. Cartan},
	DOI = {10.1073/pnas.39.3.217},
	URL = {https://doi.org/10.1073/pnas.39.3.217},
}

@article {milnor1958dual,
	AUTHOR = {Milnor, John},
	TITLE = {The {S}teenrod algebra and its dual},
	JOURNAL = {Ann. of Math. (2)},
	FJOURNAL = {Annals of Mathematics. Second Series},
	VOLUME = {67},
	YEAR = {1958},
	PAGES = {150--171},
	ISSN = {0003-486X},
	MRCLASS = {55.00 (18.00)},
	MRNUMBER = {99653},
	MRREVIEWER = {G. Hirsch},
	DOI = {10.2307/1969932},
	URL = {https://doi.org/10.2307/1969932},
}

@book{steenrod1962cohomology,
	ISBN = {9780691079240},
	abstract = {Written and revised by D. B. A. Epstein.},
	author = {Steenrod, {N. E.} and Epstein, {D. B. A.}},
	publisher = {Princeton University Press},
	title = {Cohomology Operations: Lectures by N. E. Steenrod.},
	year = {1962},
	URL = {http://www.jstor.org/stable/j.ctt1b7x52h},
}

@inproceedings{may1970general,
	AUTHOR = {May, J. Peter},
	TITLE = {A general algebraic approach to {S}teenrod operations},
	BOOKTITLE = {The {S}teenrod {A}lgebra and its {A}pplications ({P}roc.
	{C}onf. to {C}elebrate {N}. {E}. {S}teenrod's {S}ixtieth
	{B}irthday, {B}attelle {M}emorial {I}nst., {C}olumbus, {O}hio,
	1970)},
	SERIES = {Lecture Notes in Mathematics, Vol. 168},
	PAGES = {153--231},
	PUBLISHER = {Springer, Berlin},
	YEAR = {1970},
	MRCLASS = {55.34 (18.00)},
	MRNUMBER = {0281196},
	MRREVIEWER = {W. D. Barcus},
	url = {https://link.springer.com/chapter/10.1007/BFb0058524}
}

@incollection{gonzalez-diaz1999steenrod,
	AUTHOR = {Gonz\'{a}lez-D\'{i}az, Roc\'{i}o and Real, Pedro},
	TITLE = {A combinatorial method for computing {S}teenrod squares},
	NOTE = {Effective methods in algebraic geometry (Saint-Malo, 1998)},
	JOURNAL = {J. Pure Appl. Algebra},
	FJOURNAL = {Journal of Pure and Applied Algebra},
	VOLUME = {139},
	YEAR = {1999},
	NUMBER = {1-3},
	PAGES = {89--108},
	ISSN = {0022-4049},
	MRCLASS = {55N45 (55S10 55U10 55U15)},
	MRNUMBER = {1700539},
	MRREVIEWER = {Kalathoor Varadarajan},
	DOI = {10.1016/S0022-4049(99)00006-7},
	URL = {https://doi.org/10.1016/S0022-4049(99)00006-7},
}

@article {kadeishvili1999coproducts,
	AUTHOR = {Kadeishvili, T.},
	TITLE = {D{G} {H}opf algebras with {S}teenrod's {$i$}-th coproducts},
	JOURNAL = {Proc. A. Razmadze Math. Inst.},
	FJOURNAL = {Georgian Academy of Sciences. Proceedings of A. Razmadze
	Mathematical Institute},
	VOLUME = {119},
	YEAR = {1999},
	PAGES = {73--84},
	ISSN = {1512-0007},
	MRCLASS = {55S05 (16W30)},
	MRNUMBER = {1710566},
	url = {http://www.rmi.ge/proceedings/volumes/pdf/v119-7.pdf}
}

@article {gonzalez2005cocyclic,
	AUTHOR = {{Gonzalez-Diaz}, Rocio and Real, Pedro},
	TITLE = {{HPT} and cocyclic operations},
	JOURNAL = {Homology Homotopy Appl.},
	FJOURNAL = {Homology, Homotopy and Applications},
	VOLUME = {7},
	YEAR = {2005},
	NUMBER = {2},
	PAGES = {95--108},
	ISSN = {1532-0081},
	MRCLASS = {55S10 (05E99)},
	MRNUMBER = {2156309},
	MRREVIEWER = {Adriana Ciampella},
	URL = {http://projecteuclid.org/euclid.hha/1139839376},
}

@article {tourtchine2006cohen,
	AUTHOR = {Tourtchine, Victor},
	TITLE = {Dyer-{L}ashof-{C}ohen operations in {H}ochschild cohomology},
	JOURNAL = {Algebr. Geom. Topol.},
	FJOURNAL = {Algebraic \& Geometric Topology},
	VOLUME = {6},
	YEAR = {2006},
	PAGES = {875--894},
	ISSN = {1472-2747},
	MRCLASS = {55S12 (16E40 18D50 55P48)},
	MRNUMBER = {2240919},
	MRREVIEWER = {Vigleik Angeltveit},
	DOI = {10.2140/agt.2006.6.875},
	URL = {https://doi-org.ezproxy.lib.purdue.edu/10.2140/agt.2006.6.875},
}

@incollection {pilarczyk2016cubical,
	AUTHOR = {Kr\v{c}\'{a}l, Marek and Pilarczyk, Pawe{\l} },
	TITLE = {Computation of cubical {S}teenrod squares},
	BOOKTITLE = {Computational topology in image context},
	SERIES = {Lecture Notes in Comput. Sci.},
	VOLUME = {9667},
	PAGES = {140--151},
	PUBLISHER = {Springer},
	YEAR = {2016},
	MRCLASS = {55N45 (55U15 68W30)},
	MRNUMBER = {3533883},
	DOI = {10.1007/978-3-319-39441-1\_13},
	URL = {https://doi.org/10.1007/978-3-319-39441-1_13},
}


%%% Iterated loop spaces

@article{araki56squaring,
	AUTHOR = {Kudo, Tatsuji and Araki, Sh\^{o}r\^{o}},
	TITLE = {Topology of {$H_n$}-spaces and {$H$}-squaring operations},
	JOURNAL = {Mem. Fac. Sci. Ky\={u}sy\={u} Univ. A},
	FJOURNAL = {Memoirs of the Faculty of Science. Kyushu University. Series
	A. Mathematics},
	VOLUME = {10},
	YEAR = {1956},
	PAGES = {85--120},
	ISSN = {0373-6385},
	MRCLASS = {55.0X},
	MRNUMBER = {87948},
	MRREVIEWER = {R. Bott},
	doi = {10.2206/kyushumfs.10.85},
	url = {https://doi.org/10.2206/kyushumfs.10.85}
}

@article{dyer62lashof,
	AUTHOR = {Dyer, Eldon and Lashof, R. K.},
	TITLE = {Homology of iterated loop spaces},
	JOURNAL = {Amer. J. Math.},
	FJOURNAL = {American Journal of Mathematics},
	VOLUME = {84},
	YEAR = {1962},
	PAGES = {35--88},
	ISSN = {0002-9327},
	MRCLASS = {55.30 (55.40)},
	MRNUMBER = {141112},
	MRREVIEWER = {J. F. Adams},
	DOI = {10.2307/2372804},
	URL = {https://doi.org/10.2307/2372804},
}

@article{barratt1972priddyquillen,
	AUTHOR = {Barratt, Michael and Priddy, Stewart},
	TITLE = {On the homology of non-connected monoids and their associated
	groups},
	JOURNAL = {Comment. Math. Helv.},
	FJOURNAL = {Commentarii Mathematici Helvetici},
	VOLUME = {47},
	YEAR = {1972},
	PAGES = {1--14},
	ISSN = {0010-2571},
	MRCLASS = {18H10 (57F05)},
	MRNUMBER = {314940},
	MRREVIEWER = {J. C. Becker},
	DOI = {10.1007/BF02566785},
	URL = {https://doi.org/10.1007/BF02566785},
}

@book{may76homology,
	AUTHOR = {Cohen, Frederick R. and Lada, Thomas J. and May, J. Peter},
	TITLE = {The homology of iterated loop spaces},
	SERIES = {Lecture Notes in Mathematics, Vol. 533},
	PUBLISHER = {Springer-Verlag, Berlin-New York},
	YEAR = {1976},
	PAGES = {vii+490},
	MRCLASS = {55G25 (55D35)},
	MRNUMBER = {0436146},
	MRREVIEWER = {Peter J. Eccles},
}

@incollection {lawson2020dyerlashof,
	AUTHOR = {Lawson, Tyler},
	TITLE = {{$E_n$}-spectra and {D}yer-{L}ashof operations},
	BOOKTITLE = {Handbook of homotopy theory},
	SERIES = {CRC Press/Chapman Hall Handb. Math. Ser.},
	PAGES = {793--849},
	PUBLISHER = {CRC Press, Boca Raton, FL},
	YEAR = {2020},
	MRCLASS = {55P43 (55S12 55S20)},
	MRNUMBER = {4197999},
	url = {https://arxiv.org/abs/2002.03889}
}


%%% Cubical structures

@article {serre1951homologie,
	AUTHOR = {Serre, Jean-Pierre},
	TITLE = {Homologie singuli\'{e}re des espaces fibr\'{e}s. {A}pplications},
	JOURNAL = {Ann. of Math. (2)},
	FJOURNAL = {Annals of Mathematics. Second Series},
	VOLUME = {54},
	YEAR = {1951},
	PAGES = {425--505},
	ISSN = {0003-486X},
	MRCLASS = {56.0X},
	MRNUMBER = {45386},
	MRREVIEWER = {W. S. Massey},
	DOI = {10.2307/1969485},
	URL = {https://doi.org/10.2307/1969485},
}

@article {kan1955abstract,
	AUTHOR = {Kan, Daniel M.},
	TITLE = {Abstract homotopy. {I}},
	JOURNAL = {Proc. Nat. Acad. Sci. U.S.A.},
	FJOURNAL = {Proceedings of the National Academy of Sciences of the United
	States of America},
	VOLUME = {41},
	YEAR = {1955},
	PAGES = {1092--1096},
	ISSN = {0027-8424},
	MRCLASS = {55.0X},
	MRNUMBER = {79762},
	MRREVIEWER = {J. C. Moore},
	DOI = {10.1073/pnas.41.12.1092},
	URL = {https://doi.org/10.1073/pnas.41.12.1092},
}

@article {kan1956abstract,
	AUTHOR = {Kan, Daniel M.},
	TITLE = {Abstract homotopy. {II}},
	JOURNAL = {Proc. Nat. Acad. Sci. U.S.A.},
	FJOURNAL = {Proceedings of the National Academy of Sciences of the United
	States of America},
	VOLUME = {42},
	YEAR = {1956},
	PAGES = {255--258},
	ISSN = {0027-8424},
	MRCLASS = {55.0X},
	MRNUMBER = {79763},
	MRREVIEWER = {J. C. Moore},
	DOI = {10.1073/pnas.42.5.255},
	URL = {https://doi.org/10.1073/pnas.42.5.255},
}

@article {grandis2003cubical,
	AUTHOR = {Grandis, Marco and Mauri, Luca},
	TITLE = {Cubical sets and their site},
	JOURNAL = {Theory Appl. Categ.},
	FJOURNAL = {Theory and Applications of Categories},
	VOLUME = {11},
	YEAR = {2003},
	PAGES = {No. 8, 185--211},
	MRCLASS = {18G30 (18C10 18D10 55U10)},
	MRNUMBER = {1988396},
	url = {http://www.tac.mta.ca/tac/volumes/11/8/11-08.pdf}
}

@book {tomasz2004computational,
	AUTHOR = {Kaczynski, Tomasz and Mischaikow, Konstantin and Mrozek,
	Marian},
	TITLE = {Computational homology},
	SERIES = {Applied Mathematical Sciences},
	VOLUME = {157},
	PUBLISHER = {Springer-Verlag, New York},
	YEAR = {2004},
	PAGES = {xviii+480},
	ISBN = {0-387-40853-3},
	MRCLASS = {55-02 (37B30 55M20 55M25 68U10 94A08)},
	MRNUMBER = {2028588},
	MRREVIEWER = {Andrzej Kozlowski},
	DOI = {10.1007/b97315},
	URL = {https://doi.org/10.1007/b97315},
}

@article {brown1981cubes,
	AUTHOR = {Brown, Ronald and Higgins, Philip J.},
	TITLE = {On the algebra of cubes},
	JOURNAL = {J. Pure Appl. Algebra},
	FJOURNAL = {Journal of Pure and Applied Algebra},
	VOLUME = {21},
	YEAR = {1981},
	NUMBER = {3},
	PAGES = {233--260},
	ISSN = {0022-4049},
	MRCLASS = {55P99 (18D99 18G55 55Q05)},
	MRNUMBER = {617135},
	MRREVIEWER = {Johannes Huebschmann},
	DOI = {10.1016/0022-4049(81)90018-9},
	URL = {https://doi.org/10.1016/0022-4049(81)90018-9},
}

@article {kapulkin2020straightening,
	AUTHOR = {Kapulkin, Krzysztof and Voevodsky, Vladimir},
	TITLE = {A cubical approach to straightening},
	JOURNAL = {J. Topol.},
	FJOURNAL = {Journal of Topology},
	VOLUME = {13},
	YEAR = {2020},
	NUMBER = {4},
	PAGES = {1682--1700},
	ISSN = {1753-8416},
	MRCLASS = {18N50 (18F20 18G99 55U35 55U40)},
	MRNUMBER = {4186141},
	DOI = {10.1112/topo.12173},
	URL = {https://doi.org/10.1112/topo.12173},
}


%%% Bar and cobar constructions

@article {adams1956cobar,
	AUTHOR = {Adams, J. F.},
	TITLE = {On the cobar construction},
	JOURNAL = {Proc. Nat. Acad. Sci. U.S.A.},
	FJOURNAL = {Proceedings of the National Academy of Sciences of the United
	States of America},
	VOLUME = {42},
	YEAR = {1956},
	PAGES = {409--412},
	ISSN = {0027-8424},
	MRCLASS = {55.0X},
	MRNUMBER = {79266},
	MRREVIEWER = {W. S. Massey},
	DOI = {10.1073/pnas.42.7.409},
	URL = {https://doi.org/10.1073/pnas.42.7.409},
}

@article {smith1994cobar,
	AUTHOR = {Smith, Justin R.},
	TITLE = {Iterating the cobar construction},
	JOURNAL = {Mem. Amer. Math. Soc.},
	FJOURNAL = {Memoirs of the American Mathematical Society},
	VOLUME = {109},
	YEAR = {1994},
	NUMBER = {524},
	PAGES = {viii+141},
	ISSN = {0065-9266},
	MRCLASS = {55U15 (55P35 55R20 57T30)},
	MRNUMBER = {1208225},
	MRREVIEWER = {J. P. May},
	DOI = {10.1090/memo/0524},
	URL = {https://doi.org/10.1090/memo/0524},
}

@article {baues1998hopf,
	AUTHOR = {Baues, Hans-Joachim},
	TITLE = {The cobar construction as a {H}opf algebra},
	JOURNAL = {Invent. Math.},
	FJOURNAL = {Inventiones Mathematicae},
	VOLUME = {132},
	YEAR = {1998},
	NUMBER = {3},
	PAGES = {467--489},
	ISSN = {0020-9910},
	MRCLASS = {55P35 (18G50 55P62)},
	MRNUMBER = {1625728},
	MRREVIEWER = {Paul G. Goerss},
	DOI = {10.1007/s002220050231},
	URL = {https://doi.org/10.1007/s002220050231},
}

@article {kadeishvili2003cupi,
	AUTHOR = {Kadeishvili, T.},
	TITLE = {Cochain operations defining {S}teenrod {$\smile_i$}-products
	in the bar construction},
	JOURNAL = {Georgian Math. J.},
	FJOURNAL = {Georgian Mathematical Journal},
	VOLUME = {10},
	YEAR = {2003},
	NUMBER = {1},
	PAGES = {115--125},
	ISSN = {1072-947X},
	MRCLASS = {55P48 (55S10 57T30)},
	MRNUMBER = {1990691},
	MRREVIEWER = {Dai Tamaki},
	url = {https://www.emis.de/journals/GMJ/vol10/v10n1-9.pdf}
}

@article {fresse2003hopf,
	AUTHOR = {Fresse, Benoit},
	TITLE = {La construction bar d'une alg\'{e}bre comme alg\'{e}bre de {H}opf
	{$E$}-infini},
	JOURNAL = {C. R. Math. Acad. Sci. Paris},
	FJOURNAL = {Comptes Rendus Math\'{e}matique. Acad\'{e}mie des Sciences. Paris},
	VOLUME = {337},
	YEAR = {2003},
	NUMBER = {6},
	PAGES = {403--408},
	ISSN = {1631-073X},
	MRCLASS = {18D50},
	MRNUMBER = {2015084},
	DOI = {10.1016/S1631-073X(03)00354-6},
	URL = {https://doi.org/10.1016/S1631-073X(03)00354-6},
}

@article {fresse2010bar,
	AUTHOR = {Fresse, Benoit},
	TITLE = {The bar complex of an {$E$}-infinity algebra},
	JOURNAL = {Adv. Math.},
	FJOURNAL = {Advances in Mathematics},
	VOLUME = {223},
	YEAR = {2010},
	NUMBER = {6},
	PAGES = {2049--2096},
	ISSN = {0001-8708},
	MRCLASS = {57T30 (18G55 55P35 55P48)},
	MRNUMBER = {2601008},
	MRREVIEWER = {David Chataur},
	DOI = {10.1016/j.aim.2009.08.022},
	URL = {https://doi.org/10.1016/j.aim.2009.08.022},
}


%%% Persistent homology

@article{edelsbrunner2002topological,
	title={Topological Persistence and Simplification},
	author={Edelsbrunner, Herbert and Letscher, David and Zomorodian, Afra},
	journal={Discrete Comput Geom},
	volume={28},
	pages={511--533},
	year={2002},
	publisher={Citeseer},
	url = {https://doi.org/10.1007/s00454-002-2885-2}
}

@article{carlsson2005barcode,
	title={Computing persistent homology},
	author={Zomorodian, Afra and Carlsson, Gunnar},
	journal={Discrete \& Computational Geometry},
	volume={33},
	number={2},
	pages={249--274},
	year={2005},
	publisher={Springer},
	url = {https://doi.org/10.1007/s00454-004-1146-y}
}

@article {carlsson2005data,
	AUTHOR = {Carlsson, Gunnar},
	TITLE = {Topology and data},
	JOURNAL = {Bull. Amer. Math. Soc. (N.S.)},
	FJOURNAL = {American Mathematical Society. Bulletin. New Series},
	VOLUME = {46},
	YEAR = {2009},
	NUMBER = {2},
	PAGES = {255--308},
	ISSN = {0273-0979},
	MRCLASS = {55-02 (62-02 62-07 94A12)},
	MRNUMBER = {2476414},
	MRREVIEWER = {Peter Bubenik},
	DOI = {10.1090/S0273-0979-09-01249-X},
	URL = {https://doi.org/10.1090/S0273-0979-09-01249-X},
}

@article{desilva2011duality,
	title = {Dualities in persistent (co)homology},
	author = {Vin de Silva and Dmitriy Morozov and Mikael Vejdemo-Johansson},
	year = 2011,
	publisher = {{IOP} Publishing},
	volume = {27},
	number = {12},
	pages = {124003},
	journal = {Inverse Problems},
	doi = {10.1088/0266-5611/27/12/124003},
	url = {https://doi.org/10.1088/0266-5611/27/12/124003},
}

@article {chan2013viral,
	author = {Chan, Joseph Minhow and Carlsson, Gunnar and Rabadan, Raul},
	title = {Topology of viral evolution},
	volume = {110},
	number = {46},
	pages = {18566--18571},
	year = {2013},
	doi = {10.1073/pnas.1313480110},
	publisher = {National Academy of Sciences},
	issn = {0027-8424},
	URL = {https://www.pnas.org/content/110/46/18566},
	eprint = {https://www.pnas.org/content/110/46/18566.full.pdf},
	journal = {Proceedings of the National Academy of Sciences}
}

@article{hess2017cliques,
	title={Cliques of neurons bound into cavities provide a missing link between structure and function},
	author={Reimann, Michael W and Nolte, Max and Scolamiero, Martina and Turner, Katharine and Perin, Rodrigo and Chindemi, Giuseppe and D{\l}otko, Pawe{\l} and Levi, Ran and Hess, Kathryn and Markram, Henry},
	journal={Frontiers in computational neuroscience},
	volume={11},
	pages={48},
	year={2017},
	publisher={Frontiers},
	doi = {10.3389/fncom.2017.00048},
	URL = {https://doi.org/10.3389/fncom.2017.00048}
}


%%% Higher categories

@article {street1987orientals,
	AUTHOR = {Street, Ross},
	TITLE = {The algebra of oriented simplexes},
	JOURNAL = {J. Pure Appl. Algebra},
	FJOURNAL = {Journal of Pure and Applied Algebra},
	VOLUME = {49},
	YEAR = {1987},
	NUMBER = {3},
	PAGES = {283--335},
	ISSN = {0022-4049},
	MRCLASS = {18G50 (18D05 18G55)},
	MRNUMBER = {920944},
	MRREVIEWER = {Timothy Porter},
	DOI = {10.1016/0022-4049(87)90137-X},
	URL = {https://doi.org/10.1016/0022-4049(87)90137-X},
}

@article {steiner2004omega,
	AUTHOR = {Steiner, Richard},
	TITLE = {Omega-categories and chain complexes},
	JOURNAL = {Homology Homotopy Appl.},
	FJOURNAL = {Homology, Homotopy and Applications},
	VOLUME = {6},
	YEAR = {2004},
	NUMBER = {1},
	PAGES = {175--200},
	ISSN = {1532-0081},
	MRCLASS = {18D05},
	MRNUMBER = {2061574},
	MRREVIEWER = {Graham J. Ellis},
	URL = {http://projecteuclid.org/euclid.hha/1139839551},
}

@book {brown2011nonabelian,
	AUTHOR = {Brown, Ronald and Higgins, Philip J. and Sivera, Rafael},
	TITLE = {Nonabelian algebraic topology},
	SERIES = {EMS Tracts in Mathematics},
	VOLUME = {15},
	PUBLISHER = {European Mathematical Society (EMS), Z\"{u}rich},
	YEAR = {2011},
	PAGES = {xxxvi+668},
	ISBN = {978-3-03719-083-8},
	MRCLASS = {55U35 (18D05 18D10 55U10 55U15)},
	MRNUMBER = {2841564},
	MRREVIEWER = {Geoffrey M. L. Powell},
	DOI = {10.4171/083},
	URL = {https://doi.org/10.4171/083},
}

@article {ayala2014configuration,
	AUTHOR = {Ayala, David and Hepworth, Richard},
	TITLE = {Configuration spaces and {$\Theta_n$}},
	JOURNAL = {Proc. Amer. Math. Soc.},
	FJOURNAL = {Proceedings of the American Mathematical Society},
	VOLUME = {142},
	YEAR = {2014},
	NUMBER = {7},
	PAGES = {2243--2254},
	ISSN = {0002-9939},
	MRCLASS = {18D05 (55R80)},
	MRNUMBER = {3195750},
	MRREVIEWER = {Jeffrey Giansiracusa},
	DOI = {10.1090/S0002-9939-2014-11946-0},
	URL = {https://doi.org/10.1090/S0002-9939-2014-11946-0},
}


%%% TQFT

@article{cimasoni2007dimers,
	AUTHOR = {Cimasoni, David and Reshetikhin, Nicolai},
	TITLE = {Dimers on surface graphs and spin structures. {I}},
	JOURNAL = {Comm. Math. Phys.},
	FJOURNAL = {Communications in Mathematical Physics},
	VOLUME = {275},
	YEAR = {2007},
	NUMBER = {1},
	PAGES = {187--208},
	ISSN = {0010-3616},
	MRCLASS = {82B20 (05C90 82B41)},
	MRNUMBER = {2335773},
	MRREVIEWER = {Christian Mercat},
	DOI = {10.1007/s00220-007-0302-7},
	URL = {https://doi.org/10.1007/s00220-007-0302-7},
}

@article{gaiotto2016spin,
	author = {Gaiotto, Davide and Kapustin, Anton},
	title = {Spin TQFTs and fermionic phases of matter},
	journal = {International Journal of Modern Physics A},
	volume = {31},
	number = {28n29},
	pages = {1645044},
	year = {2016},
	doi = {10.1142/S0217751X16450445},
	URL = {https://doi.org/10.1142/S0217751X16450445},
	eprint = {https://doi.org/10.1142/S0217751X16450445},
}

@article{bhardwaj2017fermionic,
	author={Bhardwaj, Lakshya
	and Gaiotto, Davide
	and Kapustin, Anton},
	title={State sum constructions of spin-TFTs and string net constructions of fermionic phases of matter},
	journal={Journal of High Energy Physics},
	year={2017},
	month={Apr},
	day={18},
	volume={2017},
	number={4},
	pages={96},
	issn={1029-8479},
	doi={10.1007/JHEP04(2017)096},
	url={https://doi.org/10.1007/JHEP04(2017)096}
}

@article{kapustin2017fermionic,
	AUTHOR = {Kapustin, Anton and Thorngren, Ryan},
	TITLE = {Fermionic {SPT} phases in higher dimensions and bosonization},
	JOURNAL = {J. High Energy Phys.},
	FJOURNAL = {Journal of High Energy Physics},
	YEAR = {2017},
	NUMBER = {10},
	PAGES = {080, front matter+48},
	ISSN = {1126-6708},
	MRCLASS = {81T30},
	MRNUMBER = {3731133},
	DOI = {10.1007/jhep10(2017)080},
	URL = {https://doi.org/10.1007/jhep10(2017)080},
}

@ARTICLE{brumfiel2016pontrjagin,
	author = {{Brumfiel}, Greg and {Morgan}, John},
	title = "{The {P}ontrjagin Dual of 3-Dimensional Spin Bordism}",
	journal = {arXiv e-prints},
	year = 2016,
	archivePrefix = {arXiv},
	eprint = {1612.02860},
}

@ARTICLE{brumfiel2018pontrjagin,
	author = {{Brumfiel}, Greg and {Morgan}, John},
	title = "{The {P}ontrjagin Dual of 4-Dimensional Spin Bordism}",
	journal = {arXiv e-prints},
	year = 2018,
	archivePrefix = {arXiv},
	eprint = {1803.08147},
}

@ARTICLE{brumfiel2018quadratic,
	author = {{Brumfiel}, Greg and {Morgan}, John},
	title = "{Quadratic Functions of Cocycles and Pin Structures}",
	journal = {arXiv e-prints},
	year = 2018,
	archivePrefix = {arXiv},
	eprint = {1808.10484},
}



%%% String toplogy

@article {tradler2007string,
	AUTHOR = {Tradler, Thomas and Zeinalian, Mahmoud},
	TITLE = {Algebraic string operations},
	JOURNAL = {$K$-Theory},
	FJOURNAL = {$K$-Theory. An Interdisciplinary Journal for the Development,
	Application, and Influence of $K$-Theory in the Mathematical
	Sciences},
	VOLUME = {38},
	YEAR = {2007},
	NUMBER = {1},
	PAGES = {59--82},
	ISSN = {0920-3036},
	MRCLASS = {57R99 (16E40 57M25)},
	MRNUMBER = {2353864},
	DOI = {10.1007/s10977-007-9005-2},
	URL = {https://doi-org.ezproxy.lib.purdue.edu/10.1007/s10977-007-9005-2},
}

@incollection{sullivan2007presentstate,
	Author = {Sullivan, Dennis},
	Booktitle = {Current developments in mathematics, 2005},
	Date-Added = {2019-11-02 14:29:11 -0400},
	Date-Modified = {2019-11-02 14:29:11 -0400},
	Mrclass = {55P50 (53D40 81T70)},
	Mrnumber = {2459297},
	Mrreviewer = {Hans U. Boden},
	Pages = {41--88},
	Publisher = {Int. Press, Somerville, MA},
	Title = {String topology background and present state},
	Year = {2007},
	url = {https://arxiv.org/abs/0710.4141}
}


%%% Historical references

@incollection {whitney1988history,
	AUTHOR = {Whitney, Hassler},
	TITLE = {Moscow 1935: topology moving toward {A}merica},
	BOOKTITLE = {A century of mathematics in {A}merica, {P}art {I}},
	SERIES = {Hist. Math.},
	VOLUME = {1},
	PAGES = {97--117},
	PUBLISHER = {Amer. Math. Soc., Providence, RI},
	YEAR = {1988},
	MRCLASS = {01A60 (54-03 55-03)},
	MRNUMBER = {1003166},
	MRREVIEWER = {F. Burton Jones},
	url = {https://www.ams.org/publicoutreach/math-history/hmath1-whitney10.pdf}
}

%%% Other

@article {eilenberg1953acyclic,
	AUTHOR = {Eilenberg, Samuel and MacLane, Saunders},
	TITLE = {Acyclic models},
	JOURNAL = {Amer. J. Math.},
	FJOURNAL = {American Journal of Mathematics},
	VOLUME = {75},
	YEAR = {1953},
	PAGES = {189--199},
	ISSN = {0002-9327},
	MRCLASS = {56.0X},
	MRNUMBER = {52766},
	MRREVIEWER = {H. Cartan},
	DOI = {10.2307/2372628},
	URL = {https://doi.org/10.2307/2372628},
}

@article {cisinski2006presheaves,
	AUTHOR = {Cisinski, Denis-Charles},
	TITLE = {Les pr\'{e}faisceaux comme mod\'{e}les des types d'homotopie},
	JOURNAL = {Ast\'{e}risque},
	FJOURNAL = {Ast\'{e}risque},
	NUMBER = {308},
	YEAR = {2006},
	PAGES = {xxiv+390},
	ISSN = {0303-1179},
	ISBN = {978-2-85629-225-9},
	MRCLASS = {55-02 (18F20 18G50 55P60 55U35)},
	MRNUMBER = {2294028},
	MRREVIEWER = {Philippe Gaucher},
	url = {http://www.mathematik.uni-regensburg.de/cisinski/ast.pdf}
}
